<?xml version="1.0" encoding="UTF-8"?><collection xmlns="http://www.loc.gov/MARC21/slim"><record><leader>00430nam--2200169-i-4500</leader><controlfield tag="001">000010359</controlfield><controlfield tag="002">20161230</controlfield><controlfield tag="005">20170221174910</controlfield><controlfield tag="008">060222s1000------------r-----000-0-eng-d</controlfield><datafield ind1=" " ind2=" " tag="100"><subfield code="a">Baker, P. S</subfield></datafield><datafield ind1=" " ind2=" " tag="245"><subfield code="a">Special sources of information on isotopes</subfield></datafield><datafield ind1=" " ind2=" " tag="260"><subfield code="a">Oak Ridge, Tenn</subfield><subfield code="b">Ornl</subfield><subfield code="c">1968</subfield></datafield><datafield ind1=" " ind2=" " tag="300"><subfield code="a">V+136 p</subfield></datafield><datafield ind1=" " ind2=" " tag="490"><subfield code="a">(Ornl-iic-12)</subfield></datafield><datafield ind1=" " ind2=" " tag="700"><subfield code="a">Lafferty, Robert H</subfield></datafield><datafield ind1=" " ind2=" " tag="852"><subfield code="a">D.1292</subfield></datafield><datafield ind1=" " ind2=" " tag="CAT"><subfield code="a">SYS</subfield><subfield code="c">20170221</subfield><subfield code="h">174910</subfield></datafield></record></collection>